<record><leader>00000cas a22000007a 4500</leader><controlfield tag="001">33037507</controlfield><controlfield tag="008">950824d19681969azucr ne      0   a0eng d</controlfield><datafield ind1=" " ind2=" " tag="010"><subfield code="a">sn 95060556 </subfield></datafield><datafield ind1=" " ind2=" " tag="040"><subfield code="a">ANN</subfield><subfield code="b">eng</subfield><subfield code="c">ANN</subfield><subfield code="d">OCLCQ</subfield><subfield code="d">OCLCF</subfield><subfield code="d">OCLCO</subfield></datafield><datafield ind1="1" ind2=" " tag="029"><subfield code="a">AU@</subfield><subfield code="b">000011903738</subfield></datafield><datafield ind1=" " ind2=" " tag="042"><subfield code="a">msc</subfield></datafield><datafield ind1=" " ind2=" " tag="043"><subfield code="a">n-us-az</subfield></datafield><datafield ind1="0" ind2=" " tag="130"><subfield code="a">Sierra Vista herald (Sierra Vista, Ariz. : 1968)</subfield></datafield><datafield ind1="1" ind2="0" tag="245"><subfield code="a">Sierra Vista herald.</subfield></datafield><datafield ind1=" " ind2=" " tag="260"><subfield code="a">Sierra Vista, Ariz. :</subfield><subfield code="b">S.H. Atkinson and M.I. Wick,</subfield><subfield code="c">1968-1969.</subfield></datafield><datafield ind1=" " ind2=" " tag="300"><subfield code="a">v.</subfield></datafield><datafield ind1=" " ind2=" " tag="310"><subfield code="a">Semiweekly</subfield></datafield><datafield ind1="0" ind2=" " tag="362"><subfield code="a">14th Year, no. 8 (Nov. 1, 1968)-14th year, no. 103 (Oct. 3, 1969).</subfield></datafield><datafield ind1=" " ind2=" " tag="580"><subfield code="a">Merged with: Sierra Vista dispatch, to form: Sierra Vista herald-dispatch.</subfield></datafield><datafield ind1=" " ind2="0" tag="651"><subfield code="a">Sierra Vista (Ariz.)</subfield><subfield code="v">Newspapers.</subfield></datafield><datafield ind1=" " ind2="0" tag="651"><subfield code="a">Cochise County (Ariz.)</subfield><subfield code="v">Newspapers.</subfield></datafield><datafield ind1=" " ind2="7" tag="655"><subfield code="a">Newspapers.</subfield><subfield code="2">fast</subfield><subfield code="0">(OCoLC)fst01423814</subfield></datafield><datafield ind1=" " ind2="7" tag="651"><subfield code="a">Arizona</subfield><subfield code="z">Cochise County.</subfield><subfield code="2">fast</subfield><subfield code="0">(OCoLC)fst01207405</subfield></datafield><datafield ind1=" " ind2="7" tag="651"><subfield code="a">Arizona</subfield><subfield code="z">Sierra Vista.</subfield><subfield code="2">fast</subfield><subfield code="0">(OCoLC)fst01221033</subfield></datafield><datafield ind1=" " ind2=" " tag="752"><subfield code="a">United States</subfield><subfield code="b">Arizona</subfield><subfield code="c">Cochise</subfield><subfield code="d">Sierra Vista.</subfield></datafield><datafield ind1="0" ind2="0" tag="780"><subfield code="t">Sierra Vista's Huachuca herald</subfield><subfield code="w">(DLC)sn 95060555</subfield></datafield><datafield ind1="1" ind2="7" tag="785"><subfield code="t">Sierra Vista dispatch</subfield></datafield><datafield ind1="1" ind2="7" tag="785"><subfield code="t">Sierra Vista herald-dispatch (Sierra Vista, Ariz. : 1969)</subfield><subfield code="w">(DLC)sn 95060557</subfield></datafield></record>